<record><leader>00000cas a22000007a 4500</leader><controlfield tag="001">17022763</controlfield><controlfield tag="008">871124d18861887iauwr ne      0    0eng d</controlfield><datafield ind1=" " ind2=" " tag="010"><subfield code="a">sn 87058634 </subfield></datafield><datafield ind1=" " ind2=" " tag="040"><subfield code="a">INP</subfield><subfield code="b">eng</subfield><subfield code="c">INP</subfield><subfield code="d">OCLCQ</subfield></datafield><datafield ind1=" " ind2=" " tag="042"><subfield code="a">msc</subfield></datafield><datafield ind1="0" ind2="0" tag="245"><subfield code="a">Sac County herald.</subfield></datafield><datafield ind1=" " ind2=" " tag="260"><subfield code="a">Odebolt, Iowa :</subfield><subfield code="b">J.F. Cory</subfield></datafield><datafield ind1=" " ind2=" " tag="300"><subfield code="a">v.</subfield></datafield><datafield ind1=" " ind2=" " tag="310"><subfield code="a">Weekly</subfield></datafield><datafield ind1="1" ind2=" " tag="362"><subfield code="a">Issued June 1886-Feb. 16, 1887.</subfield></datafield><datafield ind1=" " ind2=" " tag="588"><subfield code="a">Description based on: Vol. 1, no. 2 (June 23, 1886).</subfield></datafield><datafield ind1=" " ind2=" " tag="752"><subfield code="a">United States</subfield><subfield code="b">Iowa</subfield><subfield code="c">Sac</subfield><subfield code="d">Odebolt.</subfield></datafield><datafield ind1="0" ind2="0" tag="785"><subfield code="t">New north (Odebolt, Iowa)</subfield><subfield code="w">(DLC)sn 87058635</subfield></datafield></record>